<record xmlns:xsi="http://www.w3.org/2001/XMLSchema-instance" xmlns="http://www.loc.gov/MARC21/slim" xsi:schemaLocation="http://www.loc.gov/MARC21/slim http://www.loc.gov/standards/marcxml/schema/MARC21slim.xsd">

  <leader>00508nam a2200157Ia 4500</leader>
  <datafield ind2=" " ind1=" " tag="999">
    <subfield code="c">1135</subfield>
    <subfield code="d">1135</subfield>
  </datafield>
  <controlfield tag="008">170307bsf      s  ||||| |||| 00| | spa d</controlfield>
  <datafield tag="090" ind1=" " ind2=" ">
    <subfield code="a">19.01.06</subfield>
    <subfield code="b"> 689</subfield>
  </datafield>
  <datafield ind2=" " ind1="1" tag="110">
    <subfield code="a">España. Ministerio  de Educación, Cultura y Deportes</subfield>
    <subfield code="9">2511</subfield>
  </datafield>
  <datafield tag="245" ind1="1" ind2="0">
    <subfield code="a">Archivo General de Indias</subfield>
  </datafield>
  <datafield tag="260" ind1=" " ind2=" ">
    <subfield code="a">España : </subfield>
    <subfield code="b">Ministerio de Educación, Cultura y Deportes, </subfield>
    <subfield code="c">sin fecha</subfield>
  </datafield>
  <datafield tag="300" ind1=" " ind2=" ">
    <subfield code="a">16 páginas</subfield>
  </datafield>
  <datafield tag="610" ind1="2" ind2="0">
    <subfield code="9">2512</subfield>
    <subfield code="a">ARCHIVO GENERAL DE INDIAS</subfield>
  </datafield>
  <datafield ind2="4" tag="650" ind1="1">
    <subfield code="9">2206</subfield>
    <subfield code="a">DOCUMENTACIÓN </subfield>
  </datafield>
  <datafield ind1="1" tag="650" ind2="4">
    <subfield code="9">2189</subfield>
    <subfield code="a">ARCHIVO</subfield>
  </datafield>
  <datafield ind2=" " ind1=" " tag="942">
    <subfield code="2">z</subfield>
    <subfield code="c">01</subfield>
  </datafield>
</record>